<collection xmlns="http://www.loc.gov/MARC21/slim">
<record>
  <leader>01264nam0a22002291i 450 </leader>
  <controlfield tag="001">IT\ICCU\CNCE\070187</controlfield>
  <controlfield tag="005">20070413000000.0</controlfield>
  <datafield tag="012" ind1=" " ind2=" ">
    <subfield code="a">a:oi *eor atgi qu&amp;s (C) 1509 (A)</subfield>
    <subfield code="2">fei</subfield>
  </datafield>
  <datafield tag="100" ind1=" " ind2=" ">
    <subfield code="a">20070411d1509        0itac0103    ba</subfield>
  </datafield>
  <datafield tag="101" ind1=" " ind2=" ">
    <subfield code="a">LAT</subfield>
  </datafield>
  <datafield tag="102" ind1=" " ind2=" ">
    <subfield code="a">IT</subfield>
  </datafield>
  <datafield tag="200" ind1="1" ind2=" ">
    <subfield code="a">Somnium seu visio restaurationis, christianae religionis, &amp; humiliationis superbiorum, Ecclesiae aduersantium. Quae quidem visio facta fuit &amp; in somnijs preuisa per sacrae theologiae doctorem dominum magistrum Io. Benedictum Moncetum ex Castellione Aretino ordinis fratrum heremitarum sancti Augustini</subfield>
  </datafield>
  <datafield tag="210" ind1=" " ind2=" ">
    <subfield code="e">Papie</subfield>
    <subfield code="g">ex florida domo Ioannis Stephani Ritij ex primariis Papiensibus patritiis</subfield>
    <subfield code="h">Kalendis Augusti 1509</subfield>
  </datafield>
  <datafield tag="215" ind1=" " ind2=" ">
    <subfield code="a">\18! c.</subfield>
    <subfield code="d">4ʻ</subfield>
  </datafield>
  <datafield tag="620" ind1=" " ind2=" ">
    <subfield code="a">IT</subfield>
    <subfield code="d">Pavia</subfield>
  </datafield>
  <datafield tag="700" ind1=" " ind2="1">
    <subfield code="a">Moncetto,</subfield>
    <subfield code="b">Giovanni Benedetto</subfield>
    <subfield code="3">IT\ICCU\CNCA\000135</subfield>
  </datafield>
  <datafield tag="712" ind1="0" ind2="2">
    <subfield code="a">s.n.</subfield>
    <subfield code="3">IT\ICCU\CNCT\000002</subfield>
    <subfield code="4">650</subfield>
  </datafield>
  <datafield tag="790" ind1=" " ind2="1">
    <subfield code="a">Monzettus,</subfield>
    <subfield code="b">Joannes Benedictus</subfield>
    <subfield code="3">IT\ICCU\CNCA\021560</subfield>
    <subfield code="z">Moncetto, Giovanni Benedetto</subfield>
  </datafield>
  <datafield tag="790" ind1=" " ind2="1">
    <subfield code="a">Moncetus de Castelione,</subfield>
    <subfield code="b">Joannes Benedictus</subfield>
    <subfield code="3">IT\ICCU\CNCA\021564</subfield>
    <subfield code="z">Moncetto, Giovanni Benedetto</subfield>
  </datafield>
  <datafield tag="790" ind1=" " ind2="1">
    <subfield code="a">Moncettus,</subfield>
    <subfield code="b">Ioannes Benedictus</subfield>
    <subfield code="3">IT\ICCU\CNCA\021566</subfield>
    <subfield code="z">Moncetto, Giovanni Benedetto</subfield>
  </datafield>
  <datafield tag="801" ind1=" " ind2="3">
    <subfield code="a">IT</subfield>
    <subfield code="b">ICCU</subfield>
    <subfield code="c">20201115</subfield>
  </datafield>
  <datafield tag="899" ind1=" " ind2=" ">
    <subfield code="a">Biblioteca Apostolica Vaticana. Citt ̉del Vaticano</subfield>
    <subfield code="1">EX0001</subfield>
    <subfield code="2">ZCV 01</subfield>
  </datafield>
</record>
</collection>
